@book{pm1,
	title={Principia mathematica},
	author={Russell, Bertrand and Whitehead, Alfred North},
	volume={1},
	year={1910},
	publisher={Cambridge University Press Cambridge, UK}
}

@book{pm2,
	title={Principia mathematica},
	author={Russell, Bertrand and Whitehead, Alfred North},
	volume={2},
	year={1912},
	publisher={Cambridge University Press Cambridge, UK}
}

@book{pm3,
	title={Principia mathematica},
	author={Russell, Bertrand and Whitehead, Alfred North},
	volume={3},
	year={1913},
	publisher={Cambridge University Press Cambridge, UK}
}

@book{russell1903,
	title={The principles of mathematics. 1 (1903)},
	author={Russell, Bertrand},
	year={1903},
	publisher={University Press}
}

@book{frege1879, title={Begriffsschrift, eine der arithmetischen nachgebildete Formelsprache des reinen Denkens},
	author={Frege, Gottlob},
	year={1879},
	publisher={Nebert}
}

@article{godel1931,
	title={{\"U}ber formal unentscheidbare S{\"a}tze der Principia Mathematica und verwandter Systeme I},
	author={G{\"o}del, Kurt},
	journal={Monatshefte f{\"u}r mathematik und physik},
	volume={38},
	number={1},
	pages={173--198},
	year={1931},
	publisher={Springer}
}

@book{peano1889,
	title={Arithmetices principia: Nova methodo exposita},
	author={Peano, Giuseppe},
	year={1889},
	publisher={Fratres Bocca}
}

@article{schonfinkel1924,
	title = {{\"U}ber die Bausteine der mathematischen Logik},
	author = {Sch{\"o}nfinkel, Moses},
	journal = {Mathematische annalen},
	volume = {92},
	number = {3-4},
	pages = {305--316},
	year = {1924},
	publisher = {Springer}
}

@article{curry1930,
	title = {Grundlagen der kombinatorischen Logik},
	author = {Curry, Haskell Brooks},
	journal = {American journal of mathematics},
	volume = {52},
	number = {4},
	pages = {789--834},
	year = {1930},
	publisher = {JSTOR}
}

@article{turing1936,
	title = {On computable numbers, with an application to the Entscheidungsproblem},
	author = {Turing, Alan Mathison},
	journal = {J. of Math},
	volume = {58},
	number = {345-363},
	pages = {5},
	year = {1936}
}

@book{turing1937correction,
	title = {On computable numbers, with an application to the Entscheidungsproblem; a correction},
	author = {Turing, Alan Mathison},
	year = {1937},
	publisher = {Royal Society}
}

@article{turing1937computability,
	title={Computability and $\lambda$-definability},
	author={Turing, Alan Mathison},
	journal={The Journal of Symbolic Logic},
	volume={2},
	number={4},
	pages={153--163},
	year={1937},
	publisher={Cambridge University Press}
}

@article{church1932,
	title={A set of postulates for the foundation of logic},
	author={Church, Alonzo},
	journal={Annals of mathematics},
	pages={346--366},
	year={1932},
	publisher={JSTOR}
}

@article{church1936,
	title = {An unsolvable problem of elementary number theory},
	author = {Church, Alonzo},
	journal = {American journal of mathematics},
	volume = {58},
	number = {2},
	pages = {345--363},
	year = {1936},
	publisher = {JSTOR}
}

@book{smullyan2000,
	title = {To Mock a Mockingbird: and other logic puzzles including an amazing adventure in combinatory logic},
	author = {Smullyan, Raymond Merrill},
	year = {2000},
	publisher = {Oxford University Press, USA}
}

@online{wiki:Combinatory_logic,
	title = {{Combinatory logic} --- {W}ikipedia{,} The Free Encyclopedia},
	author = {Wikipedia},
	year = 2020,
	url = {https://web.archive.org/web/20200920164914if_/https://en.wikipedia.org/wiki/Combinatory_logic},
	urldate = {2020-09-20}
}

@online{wiki:Halting_problem,
	title = {{Halting problem} --- {W}ikipedia{,} The Free Encyclopedia},
	author = {Wikipedia},
	year = 2020,
	url = {https://web.archive.org/web/20201005163636/https://en.wikipedia.org/wiki/Halting_problem},
	urldate = {2020-10-05}
}

@online{wiki:Incompleteness_theorems,
	title = {{GÃ¶del's incompleteness theorems} --- {W}ikipedia{,} The Free Encyclopedia},
	author = {Wikipedia},
	year = 2020,
	url = {https://web.archive.org/web/20200927072027/https://en.wikipedia.org/wiki/G%C3%B6del%27s_incompleteness_theorems},
	urldate = {2020-09-27},
}

@book{miran2011,
	title={Learn you a haskell for great good!: a beginner's guide},
	author={Lipovaca, Miran},
	year={2011},
	publisher={no starch press}
}

@article{church1940,
	title={A formulation of the simple theory of types},
	author={Church, Alonzo},
	journal={The journal of symbolic logic},
	volume={5},
	number={2},
	pages={56--68},
	year={1940},
	publisher={JSTOR}
}

@book{lof1984,
	title={Intuitionistic type theory},
	author={Martin-L{\"o}f, Per and Sambin, Giovanni},
	volume={9},
	year={1984},
	publisher={Bibliopolis Naples}
}

@book{sicp,
	title={Structure and interpretation of computer programs},
	author={Abelson, Harold and Sussman, Gerald Jay},
	year={1996},
	publisher={The MIT Press}
}

@online{tsmusic,
	title = {Making Music with Haskell From Scratch},
	date = {2020},
	organization = {Youtube},
	author = {Tscoding},
	url = {https://youtu.be/FYTZkE5BZ-0},
}

@online{tsmonad,
	title = {What is IO monad?},
	date = {2018},
	organization = {Youtube},
	author = {Tscoding},
	url = {https://youtu.be/fCoQb-zqYDI},
}

@online{cpmonad,
	title = {What is a Monad?},
	date = {2017},
	organization = {Youtube},
	author = {Computerphile},
	url = {https://youtu.be/t1e8gqXLbsU},
}

@online{cplc,
	title = {Lambda Calculus},
	date = {2017},
	organization = {Youtube},
	author = {Computerphile},
	url = {https://youtu.be/eis11j_iGMs},
}

@online{cpy,
	title = {Essentials: Functional Programming's Y Combinator},
	date = {2017},
	organization = {Youtube},
	author = {Computerphile},
	url = {https://youtu.be/9T8A89jgeTI},
}

@online{beckman2012,
	title = {Don't fear the Monad},
	date = {2012},
	organization = {Youtube},
	author = {Brian Beckman},
	url = {https://youtu.be/ZhuHCtR3xq8},
}

@online{milewski,
	title = {Category Theory},
	date = {2016},
	organization = {Youtube},
	author = {Bartosz Milewski},
	url = {https://youtube.com/playlist?list=PLbgaMIhjbmEnaH_LTkxLI7FMa2HsnawM_},
}

@online{lebec1,
	title = {A Flock of Functions, Combinators, Lambda Calculus, \& Church Encodings in JS - Part I},
	date = {2017},
	organization = {Youtube},
	author = {Gabriel Lebec},
	url = {https://youtu.be/3VQ382QG-y4},
}

@online{lebec2,
	title = {A Flock of Functions, Combinators, Lambda Calculus, \& Church Encodings in JS - Part II},
	date = {2017},
	organization = {Youtube},
	author = {Gabriel Lebec},
	url = {https://youtu.be/pAnLQ9jwN-E},
}

@online{brilliant,
	title = {Lambda Calculus},
	author = {Brilliant.org},
	url = {https://brilliant.org/wiki/lambda-calculus/},
	urldate = {2021-01-25},
}

@MISC {stack1,
    TITLE = {Representing Negative and Complex Numbers Using Lambda Calculus},
    AUTHOR = {Andrej Bauer (https://cs.stackexchange.com/users/1329/andrej-bauer)},
	urldate = {2021-01-25},
    URL = {https://cs.stackexchange.com/q/2279}
}

@MISC {stack2,
    TITLE = {Representing Negative and Complex Numbers Using Lambda Calculus},
    AUTHOR = {jmad (https://cs.stackexchange.com/users/82/jmad)},
    URL = {https://cs.stackexchange.com/q/2276},
	urldate = {2021-01-25},
}

@article{daanbanaan,
	title={Deze Titel is Onwaar, Een Introductie tot de Formele Logica},
	author={Hoogcarspel, Daan F.P.},
	year={2021},
}

@online{haskell,
	title = {A Flock of Functions, Combinators, Lambda Calculus, \& Church Encodings in JS - Part II},
	author = {Prajit Ramachandran},
	url = {http://web.archive.org/web/20201223141125/http://prajitr.github.io/quick-haskell-syntax/},
	urldate = {2020-12-23},
}
